@INPROCEEDINGS{Bektesevic2020,
  author = {{Bektesevic}, Dino and {Connolly}, Andrew and {Chiang}, Hsin-Fang and  {Jenness}, Tim and {Bosch}, James and {Salnikov}, Andrei},
  title = "{A Gateway to Astronomical Image Processing: Rubin Observatory Science Pipelines on AWS}",
  booktitle = {Proceedings of Gateways 2020},
  year = 2020,
  month = oct
}
